@Article{Holm-Hadulla2009,
author="Holm-Hadulla, Rainer M.
and Fydrich, Thomas",
title="Schwerpunktheft zum Thema",
journal="Psychotherapeut",
year="2009",
month="Sep",
day="01",
volume="54",
number="5",
pages="317--317",
issn="1432-2080",
doi="10.1007/s00278-009-0698-y",
url="https://doi.org/10.1007/s00278-009-0698-y"
}

@article{hashmat2008factors,
  title={Factors causing exam anxiety in medical students},
  author={Hashmat, Shireen and Hashmat, Masooma and Amanullah, Farhana and Aziz, Sina},
  journal={Journal-Pakistan Medical Association},
  volume={58},
  number={4},
  pages={167},
  year={2008},
  publisher={JOURNAL OF THE PAKISTAN MEDICAL ASSOCIATION}
}

@article{pixner2013prufungsangst,
  title={Pr{\"u}fungsangst, Schulleistung und Lebensqualit{\"a}t bei Sch{\"u}lern},
  author={Pixner, Silvia and Kaufmann, Liane},
  journal={Lernen und Lernst{\"o}rungen},
  year={2013},
  publisher={Verlag Hans Huber, Hogrefe AG, Bern}
}

@article{barrows2013anxiety,
  title={Anxiety, self-efficacy, and college exam grades},
  author={Barrows, Jennifer and Dunn, Samantha and Lloyd, Carrie A},
  journal={Universal Journal of Educational Research},
  volume={1},
  number={3},
  pages={204--208},
  year={2013},
  publisher={Horizon Research Publishing}
}

@article{bandura1977self,
  title={Self-efficacy: toward a unifying theory of behavioral change.},
  author={Bandura, Albert},
  journal={Psychological review},
  volume={84},
  number={2},
  pages={191},
  year={1977},
  publisher={American Psychological Association}
}

@article{sansgiry2006effect,
  title={Effect of students' perceptions of course load on test anxiety},
  author={Sansgiry, Sujit S and Sail, Kavita},
  journal={American Journal of Pharmaceutical Education},
  volume={70},
  number={2},
  pages={26},
  year={2006},
  publisher={AJPE}
}
