@article{Kiili_Devlin_Perttula_Tuomi_Lindstedt_2015,
    title={Using video games to combine learning and assessment in mathematics education},
    volume={2},
    url={http://journal.seriousgamessociety.org/index.php/IJSG/article/view/98},
    urldate     = {2019-23-05},
    DOI={10.17083/ijsg.v2i4.98},
    number={4},
    journal={International Journal of Serious Games},
    author={Kiili, Kristian and Devlin, Keith and Perttula, Arttu and Tuomi, Pauliina and Lindstedt, Antero},
    year={2015},
    month={Dec.}
}

@article{Ninaus_Moeller_McMullen_Kiili_2017, 
    title={Acceptance of Game-Based Learning and Intrinsic Motivation as Predictors for Learning Success and Flow Experience}, 
    volume={4},
    url={http://journal.seriousgamessociety.org/index.php/IJSG/article/view/176}, DOI={10.17083/ijsg.v4i3.176}, 
    urldate     = {2019-23-05},
    number={3}, 
    journal={International Journal of Serious Games}, 
    author={Ninaus, Manuel and Moeller, Korbinian and McMullen, Jake and Kiili, Kristian}, 
    year={2017}, 
    month={Sep.} 
}

@article{killi_game_based_learning_coming_of_age_2015,
    author = {Kiili, Kristian and Devlin, Keith and Multisilta, Jari},
    year = {2015},
    month = {12},
    pages = {},
    title = {Editorial: is Game-Based Math Learning Finally Coming of Age?},
    volume = {2},
    journal = {International Journal of Serious Games},
    doi = {10.17083/ijsg.v2i4.109}
}

@article{arnab2015mapping,
  title={Mapping learning and game mechanics for serious games analysis},
  author={Arnab, Sylvester and Lim, Theodore and Carvalho, Maira B and Bellotti, Francesco and De Freitas, Sara and Louchart, Sandy and Suttie, Neil and Berta, Riccardo and De Gloria, Alessandro},
  journal={British Journal of Educational Technology},
  volume={46},
  number={2},
  pages={391--411},
  year={2015},
  publisher={Wiley Online Library}
}

@article{ginsburg2007importance,
  title={The importance of play in promoting healthy child development and maintaining strong parent-child bonds},
  author={Ginsburg, Kenneth R and others},
  journal={Pediatrics},
  volume={119},
  number={1},
  pages={182--191},
  year={2007},
  publisher={Am Acad Pediatrics}
}

@article{vankus2008,
    author = {Vankúš, Peter},
    year = {2008},
    month = {01},
    pages = {},
    title = {GAMES BASED LEARNING IN TEACHING OF MATHEMATICS AT LOWER SECONDARY SCHOOL},
    url = {https://s3.amazonaws.com/academia.edu.documents/3456378/06Vankus.pdf?AWSAccessKeyId=AKIAIWOWYYGZ2Y53UL3A&Expires=1558607671&Signature=JezhXVxdDvCY2NDlM7gJ1Ekt64s%3D&response-content-disposition=inline%3B%20filename%3DGames_based_learning_in_teaching_of_math.pdf},
    urldate = {2019-23-05}
}

@article{feierabend2018kim,
  title={KIM-Studie},
  author={Feierabend, Sabine and Plankenhorn, Theresa and Rathgeb, Thomas},
  journal={Kindheit, Internet, Medien. Stuttgart: Medienp{\"a}dagogischer Forschungsverband S{\"u}dwest (mpfs). Abgerufen},
  url={https://www.mpfs.de/fileadmin/files/Studien/KIM/2018/KIM-Studie2018_Web.pdf},
  urldate     = {2019-23-05},
  volume={30},
  year={2018},
  page={5}
}

@misc{nietan_tropf_2017,
    title={Kinder und Jugendliche zocken täglich rund zwei Stunden},
    url={https://www.bitkom.org/Presse/Presseinformation/Kinder-und-Jugendliche-zocken-taeglich-rund-zwei-Stunden.html},
    urldate     = {2019-23-05},
    journal={Kinder und Jugendliche zocken täglich rund zwei Stunden},
    publisher={Bitkom e.V.}, author={Nietan, Marie Ann and Tropf, Teresa Maria},
    year={2017},
    month={Dec}
}

@article{acceptance_of_Information_Technology_1989,
    ISSN = {02767783},
    URL = {http://www.jstor.org/stable/249008},
    urldate     = {2019-23-05},
    author = {Fred D. Davis},
    journal = {MIS Quarterly},
    number = {3},
    pages = {319--340},
    publisher = {Management Information Systems Research Center, University of Minnesota},
    title = {Perceived Usefulness, Perceived Ease of Use, and User Acceptance of Information Technology},
    volume = {13},
    year = {1989}
}

